<?xml version="1.0" encoding="UTF-8"?><collection xmlns="http://www.loc.gov/MARC21/slim"><record><leader>00466nam--2200169-i-4500</leader><controlfield tag="001">000011358</controlfield><controlfield tag="002">20161230</controlfield><controlfield tag="005">20161230201029</controlfield><controlfield tag="008">060222s1000------------r-----000-0-eng-d</controlfield><datafield ind1=" " ind2=" " tag="040"><subfield code="a">IFIN-HH</subfield></datafield><datafield ind1=" " ind2=" " tag="080"><subfield code="a">535:535.8</subfield></datafield><datafield ind1="1" ind2=" " tag="110"><subfield code="a">Spie</subfield></datafield><datafield ind1="1" ind2="0" tag="245"><subfield code="a">Basic optic and optical instruments</subfield></datafield><datafield ind1=" " ind2=" " tag="260"><subfield code="a">Redondo Beach, California</subfield><subfield code="b">Society Of Photo-optical Instrumentation Engineers</subfield><subfield code="c">1965</subfield></datafield><datafield ind1=" " ind2=" " tag="490"><subfield code="a">Spie</subfield><subfield code="v">Vol. 1</subfield></datafield><datafield ind1=" " ind2=" " tag="852"><subfield code="a">42260</subfield><subfield code="c">535</subfield></datafield><datafield ind1=" " ind2=" " tag="CAT"><subfield code="a">Sys</subfield><subfield code="c">20101104</subfield><subfield code="h">153106</subfield></datafield></record></collection>